@book{kashiwara2002sheaves,
  title={Sheaves on Manifolds},
  author={Kashiwara, M. and Schapira, P.},
  isbn={9783540518617},
  lccn={90042430},
  series={Grundlehren der mathematischen Wissenschaften},
  url={https://www.springer.com/jp/book/9783540518617},
  year={2002},
  publisher={Springer Berlin Heidelberg}
}

@book{hartshorne2013algebraic,
  title={Algebraic Geometry},
  author={Hartshorne, R.},
  isbn={9781475738490},
  series={Graduate Texts in Mathematics},
  url={https://www.springer.com/jp/book/9780387902449},
  year={2013},
  publisher={Springer New York}
}
